
@inproceedings{ning_yolov4-object_2021,
	title = {{YOLOv4}-object: an {Efficient} {Model} and {Method} for {Object} {Discovery}},
	doi = {10.1109/COMPSAC51774.2021.00016},
	booktitle = {2021 {IEEE} 45th {Annual} {Computers}, {Software}, and {Applications} {Conference} ({COMPSAC})},
	author = {Ning, Mang and Lu, Yao and Hou, Wenyuan and Matskin, Mihhail},
	year = {2021},
	pages = {31--36},
}

@misc{noauthor_documentacion_nodate,
	title = {Documentación de {Typescript}},
	url = {https://www.typescriptlang.org/docs/},
	abstract = {Find TypeScript starter projects: from Angular to React or Node.js and CLIs.},
	language = {en},
	urldate = {2023-05-05},
	file = {Snapshot:/home/lautaroandressaez/Zotero/storage/JS6IVN9T/docs.html:text/html},
}

@misc{noauthor_documentacion_nodate-1,
	title = {Documentación de {NestJS}},
	url = {https://docs.nestjs.com},
	abstract = {Nest is a framework for building efficient, scalable Node.js server-side applications. It uses progressive JavaScript, is built with TypeScript and combines elements of OOP (Object Oriented Programming), FP (Functional Programming), and FRP (Functional Reactive Programming).},
	language = {en},
	urldate = {2023-05-05},
	journal = {Documentation {\textbar} NestJS - A progressive Node.js framework},
	file = {Snapshot:/home/lautaroandressaez/Zotero/storage/IQW7M4I2/docs.nestjs.com.html:text/html},
}

@misc{noauthor_documentacion_nodate-2,
	title = {Documentación {ReactJS}},
	url = {https://es.react.dev/reference/react},
	abstract = {The library for web and native user interfaces},
	language = {es},
	urldate = {2023-05-05},
	file = {Snapshot:/home/lautaroandressaez/Zotero/storage/QCAVBH7E/react.html:text/html},
}

@misc{noauthor_documentacion_2023,
	title = {Documentación {Docker}},
	url = {https://docs.docker.com/reference/},
	abstract = {This section includes the reference documentation for the Docker platform’s various APIs, CLIs, and file formats.},
	language = {en},
	urldate = {2023-05-05},
	journal = {Docker Documentation},
	month = may,
	year = {2023},
}

@misc{noauthor_docker_2023,
	title = {Docker {Compose}},
	url = {https://docs.docker.com/compose/},
	abstract = {Learn how to use Docker Compose to define and run multi-container applications with this detailed introduction to the tool.},
	language = {en},
	urldate = {2023-05-05},
	journal = {Docker Documentation},
	month = may,
	year = {2023},
}

@article{noauthor_manual_nodate,
	title = {Manual de usuario {Jetson} {TX1}},
	language = {en},
	file = {Jetson TX1 Developer Kit User Guide.pdf:/home/lautaroandressaez/Zotero/storage/ELMG9N6U/Jetson TX1 Developer Kit User Guide.pdf:application/pdf},
}
